@inproceedings{ATVA15,
  author    = {Hern\'an {Ponce de Le\'on} and
  	       Cesar Ror\'iguez and
               Josep Carmona and
               Keijo Heljanko and
               Stefan Haar},
  title     = {Unfolding-Based Process Discovery},
  booktitle = {Automated Technology for Verification and Analysis - 13th International Symposium, {ATVA}
               },
  year      = {2015},
  publisher = {Springer},
  series    = {Lecture Notes in Computer Science},
}

@inproceedings{NieuwenhuisO06,
  author    = {Robert Nieuwenhuis and
               Albert Oliveras},
  title     = {On {SAT} Modulo Theories and Optimization Problems},
  booktitle = {Theory and Applications of Satisfiability Testing, 9th
               International Conference, {SAT}, Proceedings},
  pages     = {156--169},
  year      = {2006},
  series    = {Lecture Notes in Computer Science},
  volume    = {4121},
  publisher = {Springer},
 }
 
@book{0027363,
  author    = {Wil M. P. van der Aalst},
  title     = {Process Mining - Discovery, Conformance and Enhancement of Business
               Processes},
  publisher = {Springer},
  year      = {2011},
  url       = {http://dx.doi.org/10.1007/978-3-642-19345-3},
  doi       = {10.1007/978-3-642-19345-3},
  isbn      = {978-3-642-19344-6},
  timestamp = {Wed, 03 Aug 2011 15:39:17 +0200},
  biburl    = {http://dblp.uni-trier.de/rec/bib/books/daglib/0027363},
  bibsource = {dblp computer science bibliography, http://dblp.org}
}

@article{NielsenPW81,
  author    = {M. Nielsen and
               G. D. Plotkin and
               G. Winskel},
  title     = {{Petri} Nets, Event Structures and Domains, Part {I}},
  journal   = {Theoretical Computer Science},
  volume    = {13},
  year      = {1981},
  pages     = {85-108},
  ee        = {http://dx.doi.org/10.1016/0304-3975(81)90112-2},
  bibsource = {DBLP, http://dblp.uni-trier.de}
}
